@book{Reussner:2016:MSS:3036121,
 author = {Reussner, Ralf H. and Becker, Steffen and Happe, Jens and Heinrich, Robert and Koziolek, Anne and Koziolek, Heiko and Kramer, Max and Krogmann, Klaus},
 title = {Modeling and Simulating Software Architectures: The Palladio Approach},
 year = {2016},
 isbn = {026203476X, 9780262034760},
 publisher = {The MIT Press},
} 